
@article{lecun2015deep,
  title={Deep learning},
  author={LeCun, Yann and Bengio, Yoshua and Hinton, Geoffrey},
  journal={nature},
  volume={521},
  number={7553},
  pages={436--444},
  year={2015},
  publisher={Nature Publishing Group UK London}
}

@article{HBGY202406012,
title = {《河北科技大学学报》《河北工业科技》办刊取得新进展},
journal = {河北工业科技},
volume = {41},
number = {06},
pages = {469},
year = {2024},
issn = {1008-1534},
}    
